@article{sumcheck,
 author = {Lund, Carsten and Fortnow, Lance and Karloff, Howard and Nisan, Noam},
 title = {Algebraic Methods for Interactive Proof Systems},
 journal = {J. ACM},
 issue_date = {Oct. 1992},
 volume = {39},
 number = {4},
 month = oct,
 year = {1992},
 issn = {0004-5411},
 pages = {859--868},
 numpages = {10},
 url = {http://doi.acm.org/10.1145/146585.146605},
 doi = {10.1145/146585.146605},
 acmid = {146605},
 publisher = {ACM},
 address = {New York, NY, USA},
 keywords = {interactive proof systems},
} 
@inproceedings{CMT,
 author = {Cormode, Graham and Mitzenmacher, Michael and Thaler, Justin},
 title = {Practical Verified Computation with Streaming Interactive Proofs},
 booktitle = {Proceedings of the 3rd Innovations in Theoretical Computer Science Conference},
 series = {ITCS '12},
 year = {2012},
 isbn = {978-1-4503-1115-1},
 location = {Cambridge, Massachusetts},
 pages = {90--112},
 numpages = {23},
 url = {http://doi.acm.org/10.1145/2090236.2090245},
 doi = {10.1145/2090236.2090245},
 acmid = {2090245},
 publisher = {ACM},
 address = {New York, NY, USA},
} 
@article{GKR,
 author = {Goldwasser, Shafi and Kalai, Yael Tauman and Rothblum, Guy N.},
 title = {Delegating Computation: Interactive Proofs for Muggles},
 journal = {J. ACM},
 issue_date = {August 2015},
 volume = {62},
 number = {4},
 month = sep,
 year = {2015},
 issn = {0004-5411},
 pages = {27:1--27:64},
 articleno = {27},
 numpages = {64},
 url = {http://doi.acm.org/10.1145/2699436},
 doi = {10.1145/2699436},
 acmid = {2699436},
 publisher = {ACM},
 address = {New York, NY, USA},
 keywords = {Delegating computation, interactive proofs, verifiable computing},
} 
