
@inproceedings{goldwasser2008delegating,
	title={Delegating computation: Interactive proofs for muggles},
	author={Goldwasser, Shafi and Kalai, Yael Tauman and Rothblum, Guy},
	booktitle={STOC 2008},

}

@inproceedings{cormode2012practical,
	title={Practical verified computation with streaming interactive proofs},
	author={Cormode, Graham and Mitzenmacher, Michael and Thaler, Justin},
	booktitle={ITCS 2012},

}

@inproceedings{ben2014succinct,
	title={Succinct non-interactive zero knowledge for a von {N}eumann architecture},
	author={Ben-Sasson, Eli and Chiesa, Alessandro and Tromer, Eran and Virza, Madars},
	booktitle={USENIX Security 2014},
}

@misc{ben2014succinctEprint,
	title={Succinct non-interactive zero knowledge for a von {N}eumann architecture},
	author={Ben-Sasson, Eli and Chiesa, Alessandro and Tromer, Eran and Virza, Madars},
	url={https://eprint.iacr.org/2013/879.pdf},
}

@incollection{ben2014scalable,
	title={Scalable zero knowledge via cycles of elliptic curves},
	author={Ben-Sasson, Eli and Chiesa, Alessandro and Tromer, Eran and Virza, Madars},
	booktitle={Crypto 2014},
}

@inproceedings{bitansky2012extractable,
	title={From extractable collision resistance to succinct non-interactive arguments of knowledge, and back again},
	author={Bitansky, Nir and Canetti, Ran and Chiesa, Alessandro and Tromer, Eran},
	booktitle={ITCS 2012},
	pages={326--349}
}

@inproceedings{setty2012making,
	title={Making argument systems for outsourced computation practical (sometimes).},
	author={Setty, Srinath TV and McPherson, Richard and Blumberg, Andrew J and Walfish, Michael},
	booktitle={NDSS 2012},
}


@inproceedings{parno2013pinocchio,
	title={Pinocchio: Nearly practical verifiable computation},
	author={Parno, Bryan and Howell, Jon and Gentry, Craig and Raykova, Mariana},
	booktitle={IEEE S\&P 2013},
}

@incollection{ben2013snarks,
	title={{SNARK}s for {C}: {V}erifying program executions succinctly and in zero knowledge},
	author={Ben-Sasson, Eli and Chiesa, Alessandro and Genkin, Daniel and Tromer, Eran and Virza, Madars},
	booktitle={Crypto 2013},
}

@inproceedings{papamanthou13poly,
	author    = {Charalampos Papamanthou and
	Elaine Shi and
	Roberto Tamassia},
	title     = {Signatures of Correct Computation},
	booktitle = {{TCC} 2013},
}

@article{sumcheck,
	author = {Lund, Carsten and Fortnow, Lance and Karloff, Howard and Nisan, Noam},
	title = {Algebraic Methods for Interactive Proof Systems},
	journal = {J. ACM},
	volume = {39},
	number = {4},
	pages = {859--868},
    year = {1992}
}

@inproceedings{ip85,
	author = {Goldwasser, S and Micali, S and Rackoff, C},
	title = {The Knowledge Complexity of Interactive Proof-systems},
	booktitle = {STOC 1985},
}

@inproceedings{thaler13,
	author    = {Justin Thaler},
	title     = "Time-Optimal Interactive Proofs for Circuit Evaluation",
	booktitle = {Crypto 2013},
}

@inproceedings{Vu2013,
	author = {Vu, Victor and Setty, Srinath and Blumberg, Andrew J. and Walfish, Michael},
	title = "A Hybrid Architecture for Interactive Verifiable Computation",
	booktitle = {IEEE S\&P 2013},
}

@inproceedings{integridb,
	author = {Zhang, Yupeng and Katz, Jonathan and Papamanthou, Charalampos},
	title = "{IntegriDB}: Verifiable {SQL} for Outsourced Databases",
	booktitle = {ACM CCS 2015},
	pages = {1480--1491},
	year = {2015}
}

@inproceedings{Papadopoulos14,
	author = {Papadopoulos, Dimitrios and Papadopoulos, Stavros and Triandopoulos, Nikos},
	title = {Taking Authenticated Range Queries to Arbitrary Dimensions},
	booktitle = {ACM CCS 2014},
	pages = {819--830}
}

@inproceedings{merkle,
	author = {Merkle, Ralph C.},
	title = {A Certified Digital Signature},
	booktitle = {Crypto 1989},
	pages = {218--238}
}

@inproceedings{boneh04,
	author    = {Dan Boneh and
	Xavier Boyen},
	title     = {Short Signatures Without Random Oracles},
	booktitle = {{Eurocrypt} 2004},
}

@inproceedings{range1,
	author = {Li, Feifei and Hadjieleftheriou, Marios and Kollios, George and Reyzin, Leonid},
	title = {Dynamic Authenticated Index Structures for Outsourced Databases},
	booktitle = {SIGMOD 2006},
	pages = {121--132},
}

@inproceedings{join1,
	author = {Yang, Yin and Papadias, Dimitris and Papadopoulos, Stavros and Kalnis, Panos},
	title = {Authenticated Join Processing in Outsourced Databases},
	booktitle = {SIGMOD 2009},
	pages = {5--18}
}

@inproceedings{pattern1,
	author = {Devanbu, P. and Gertz, M. and Kwong, A. and Martel, C. and Nuckolls, G. and Stubblebine, S. G.},
	title = {Flexible Authentication of {XML} Documents},
	booktitle = {ACM CCS 2001},
	pages = {136--145}

}

@article{pattern2,
	author = {Papadopoulos, Dimitrios and Papamanthou, Charalampos and Tamassia, Roberto and Triandopoulos, Nikos},
	title = {Practical Authenticated Pattern Matching with Optimal Proof Size},
	journal = {VLDB 2015},
	pages = {750--761}

}

@inproceedings{sets1,
	author    = {Charalampos Papamanthou and
	Roberto Tamassia and
	Nikos Triandopoulos},
	title     = {Optimal Verification of Operations on Dynamic Sets},
	booktitle = {Crypto 2011},
	pages     = {91--110}
}

@inproceedings{sets2,
	author    = {Ran Canetti and
	Omer Paneth and
	Dimitrios Papadopoulos and
	Nikos Triandopoulos},
	title     = {Verifiable Set Operations over Outsourced Databases},
	booktitle = {PKC 2014},
	pages     = {113--130}
}

@article{graphs1,
	author = {Goodrich, Michael T. and Tamassia, Roberto and Triandopoulos, Nikos},
	title = {Efficient Authenticated Data Structures for Graph Connectivity and Geometric Search Problems},
	journal = {Algorithmica},
	volume = {60},
	number = {3},
	year = {2011},
	pages = {505--552},
}

@inproceedings{graphs2,
	author = {Zhang, Yupeng and Papamanthou, Charalampos and Katz, Jonathan},
	title = {ALITHEIA: Towards Practical Verifiable Graph Processing},
	booktitle = {ACM CCS 2014},
	pages = {856--867}
}

@article{ads1,
	author = {Martel, Charles and Nuckolls, Glen and Devanbu, Premkumar and Gertz, Michael and Kwong, April and Stubblebine, Stuart G.},
	title = {A General Model for Authenticated Data Structures},
	journal = {Algorithmica},
	volume = {39},
	number = {1},
	issn = {0178-4617},
	pages = {21--41},
    year = {2004}
}

@inproceedings{ads2,
	author = {Miller, Andrew and Hicks, Michael and Katz, Jonathan and Shi, Elaine},
	title = {Authenticated Data Structures, Generically},
	booktitle = {POPL 2014},
	pages = {411--423}
}

@inproceedings{join2,
	author = {Zheng, Qingji and Xu, Shouhuai and Ateniese, Giuseppe},
	title = {Efficient Query Integrity for Outsourced Dynamic Databases},
	booktitle = {CCSW 2012},
	pages = {71--82}
}



@inproceedings{vc,
	author = {Gennaro, Rosario and Gentry, Craig and Parno, Bryan},
	title = {Non-interactive Verifiable Computing: Outsourcing Computation to Untrusted Workers},
	booktitle = {Crypto 2010},
}


@inproceedings{GGPR13,
	author    = {Rosario Gennaro and
	Craig Gentry and
	Bryan Parno and
	Mariana Raykova},
	title     = "Quadratic Span Programs and Succinct {NIZK}s without {PCP}s",
	booktitle = {Eurocrypt 2013},
}

@inproceedings{Bitansky12,
	author = {Bitansky, Nir and Canetti, Ran and Chiesa, Alessandro and Tromer, Eran},
	title = {From Extractable Collision Resistance to Succinct Non-interactive Arguments of Knowledge, and Back Again},
	booktitle = {ITCS 2012},
}

@inproceedings{geppetto,
	author    = {Craig Costello and
	C{\'{e}}dric Fournet and
	Jon Howell and
	Markulf Kohlweiss and
	Benjamin Kreuter and
	Michael Naehrig and
	Bryan Parno and
	Samee Zahur},
	title     = {Geppetto: Versatile Verifiable Computation},
	booktitle = {IEEE S\&P 2015},

}

@inproceedings{Setty13,
	author = {Setty, Srinath and Braun, Benjamin and Vu, Victor and Blumberg, Andrew J. and Parno, Bryan and Walfish, Michael},
	title = {Resolving the Conflict Between Generality and Plausibility in Verified Computation},
	booktitle = {EuroSys 2013},
}

@inproceedings{DBLP:conf/uss/SettyVPBBW12,
	author    = {Srinath T. V. Setty and
	Victor Vu and
	Nikhil Panpalia and
	Benjamin Braun and
	Andrew J. Blumberg and
	Michael Walfish},
	title     = {Taking Proof-Based Verified Computation a Few Steps Closer to Practicality},
	booktitle = {{USENIX} Security 2012},
}

	@inproceedings{Fiore16,
	author    = {Dario Fiore and
	C{\'{e}}dric Fournet and
	Esha Ghosh and
	Markulf Kohlweiss and
	Olga Ohrimenko and
	Bryan Parno},
	title     = "Hash First, Argue Later: Adaptive Verifiable Computations on Outsourced
	Data",
	booktitle = {ACM CCS 2016},
	}

@inproceedings{Kosba14,
	author = {Kosba, Ahmed E. and Papadopoulos, Dimitrios and Papamanthou, Charalampos and Sayed, Mahmoud F. and Shi, Elaine and Triandopoulos, Nikos},
	title = "{TRUESET}: Faster Verifiable Set Computations",
	booktitle = {USENIX Security 2014},
}

@inproceedings{Catalano13,
	author    = {Dario Catalano and
	Dario Fiore},
	title     = {Practical Homomorphic {MAC}s for Arithmetic Circuits},
	booktitle = {Eurocrypt 2013},
	pages     = {336--352}
}

@inproceedings{Catalano14,
	author = {Catalano, Dario and Fiore, Dario and Gennaro, Rosario and Nizzardo, Luca},
	title = {Generalizing Homomorphic {MAC}s for Arithmetic Circuits},
	booktitle = {PKC 2014},
	pages = {538--555}
}

@inproceedings{Kalai16,
	author    = {Kalai, Yael Tauman and
	Omer Paneth},
	title     = {Delegating {RAM} Computations},
	booktitle = {TCC 2016-B,},
	pages     = {91--118}
}

@Inproceedings{Canetti2016,
	author="Canetti, Ran
	and Chen, Yilei
	and Holmgren, Justin
	and Raykova, Mariana",
	title="Adaptive Succinct Garbled {RAM} or: How to Delegate Your Database",
	bookTitle="TCC 2016-B",
	pages="61--90"
}

@inproceedings{Fiore12,
	author = {Fiore, Dario and Gennaro, Rosario},
	title = {Publicly Verifiable Delegation of Large Polynomials and Matrix Computations, with Applications},
	booktitle = {ACM CCS 2012},
	pages = {501--512}
}



@inproceedings{Kate10,
	author    = {Aniket Kate and
	Gregory M. Zaverucha and
	Ian Goldberg},
	title     = {Constant-Size Commitments to Polynomials and Their Applications},
	booktitle = {Asiacrypt 2010},
}

@inproceedings{Backes13,
	author = {Backes, Michael and Fiore, Dario and Reischuk, Raphael M.},
	title = {Verifiable delegation of computation on outsourced data},
	booktitle = {ACM CCS 2013},
	pages = {863--874},

}

@inproceedings{Benabbas11,
	author = {Benabbas, Siavosh and Gennaro, Rosario and Vahlis, Yevgeniy},
	title = {Verifiable Delegation of Computation over Large Datasets},
	booktitle = {Crypto 2011},
	pages = {111--131}
}


@inproceedings{adsnark,
	author    = {Michael Backes and
	Manuel Barbosa and
	Dario Fiore and
	Raphael M. Reischuk},
	title     = "{ADSNARK}: Nearly Practical and Privacy-Preserving Proofs on Authenticated
	Data",
	booktitle = {S\&P 2015},
	pages     = {271--286},
}

@inproceedings{zql,
	author = {Fournet, C{\'e}dric and Kohlweiss, Markulf and Danezis, George and Luo, Zhengqin},
	title = "{ZQL}: A Compiler for Privacy-preserving Data Processing",
	booktitle = {USENIX Security 2013},
	pages = {163--178}
}


@misc{gmp,
	title = {The {GNU} Multiple Precision
	Arithmetic Library},
	howpublished = { \url{https://gmplib.org/}},
}

@misc{ntl,
	title = {{N}{T}{L} Library},
	howpublished = { \url{http://www.shoup.net/ntl/}},
}

@misc{openssl,
	title = {Open{S}{S}{L} toolkit},
	howpublished = { \url{https://www.openssl.org/}},
}

@misc{ate,
	title = {Ate pairing},
	howpublished = { \url{https://github.com/herumi/ate-pairing}},
	year = {}
}

@misc{tpch,
	title = {T{P}{C}-{H} benchmark},
	howpublished = { \url{http://www.tpc.org/tpch/}},
}

@misc{emp,
  author = {Xiao Wang and Alex J. Malozemoff and Jonathan Katz},
  title = "{EMP}-toolkit: Efficient Multiparty computation toolkit",
  howpublished = {\url{https://github.com/emp-toolkit}},
  	year = {}
}

@misc{libsnark,
	title = {libsnark},
	howpublished = { \url{https://github.com/scipr-lab/libsnark}},
		year = {}
}

@misc{idbcode,
	title = {IntegriDB},
	howpublished = { \url{https://github.com/integridb/Code}},
		year = {}
}

@misc{jsnark,
	title = {jSNARK},
	howpublished = { \url{https://github.com/akosba/jsnark}},
		year = {}
}



@inproceedings{Canetti11,
	author = {Canetti, Ran and Riva, Ben and Rothblum, Guy N.},
	title = {Practical Delegation of Computation Using Multiple Servers},
	booktitle = {ACM CCS 2011},
	pages = {445--454}
}

@inproceedings{law2004,
  title={Query languages and data models for database sequences and data streams},
  author={Law, Yan-Nei and Wang, Haixun and Zaniolo, Carlo},
  booktitle={VLDB 2004},
  pages={492--503}
}

@inproceedings{BR93,
  author    = {Mihir Bellare and
               Phillip Rogaway},
  title     = {Random Oracles are Practical: {A} Paradigm for Designing Efficient
               Protocols},
  booktitle = {ACM CCS 93},
  pages     = {62--73}
}

@inproceedings{cklr11,
	author    = {Chung, Kai{-}Min and
	Kalai, Yael Tauman and
	Liu, Feng-Hao and
	Raz, Ran},
	title     = {Memory Delegation},
	booktitle = {{Crypto} 2011},
	pages     = {151--168},
}

@inproceedings{boyle14,
	author    = {Elette Boyle and
	Shafi Goldwasser and
	Ioana Ivan},
	title     = {Functional Signatures and Pseudorandom Functions},
	booktitle = {{PKC 2014}},
	pages     = {501--519},
}

@inproceedings{ip2,
	author = {Babai, L},
	title = {Trading Group Theory for Randomness},
	series = {STOC '85},
	pages = {421--429},
}


		
@inproceedings{Bitansky2014,
 author = {Bitansky, Nir and Canetti, Ran and Paneth, Omer and Rosen, Alon},
 title = "On the Existence of Extractable One-way Functions",
 booktitle = {STOC 2014},

}

@inproceedings{DBLP:conf/asiacrypt/BoyleP15,
  author    = {Elette Boyle and
               Rafael Pass},
  title     = {Limits of Extractability Assumptions with Distributional Auxiliary
               Input},
  booktitle = {Asiacrypt 2015},
}


@misc{cryptoeprint:2015:1093,
	author = {Ahmed Kosba and Zhichao Zhao and Andrew Miller and Yi Qian and Hubert Chan and Charalampos Papamanthou and Rafael Pass and Abhi Shelat and Elaine Shi},
	title = {C$\emptyset$C$\emptyset$: A Framework for Building Composable Zero-Knowledge Proofs},
	howpublished = {Cryptology ePrint Archive, Report 2015/1093},
	year = {2015},
	note = {\url{http://eprint.iacr.org/2015/1093}},
}

@misc{justinnote,
	author = {Justin Thaler},
	title = "A Note on the {GKR} Protocol",
	year = {2015},
	note = {Available at \url{http://people.cs.georgetown.edu/jthaler/GKRNote.pdf}},
}


@inproceedings{GIPST14,
  author    = {Daniel Genkin and
               Yuval Ishai and
               Manoj Prabhakaran and
               Amit Sahai and
               Eran Tromer},
  title     = {Circuits resilient to additive attacks with applications to secure
               computation},
  booktitle = {{STOC} 2014},
}

@inproceedings{GIP15,
  author    = {Daniel Genkin and
               Yuval Ishai and
               Antigoni Polychroniadou},
  title     = {Efficient Multi-party Computation: From Passive to Active Security
               via Secure {SIMD} Circuits},
  booktitle = {{Crypto} 2015},
}


@inproceedings{GennaroGP10,
	author    = {Rosario Gennaro and
	Craig Gentry and
	Bryan Parno},
	title     = "Non-interactive Verifiable Computing: Outsourcing Computation to Untrusted
	Workers",
	booktitle = {{Crypto} 2010},
}

@inproceedings{ParnoRV12,
	author    = {Bryan Parno and
	Mariana Raykova and
	Vinod Vaikuntanathan},
	title     = "How to Delegate and Verify in Public: Verifiable Computation from
	Attribute-Based Encryption",
	booktitle = {{TCC} 2012},
}

@inproceedings{Kilian92,
	author    = {Joe Kilian},
	title     = "A Note on Efficient Zero-Knowledge Proofs and Arguments",
	booktitle = {STOC 1992},
}

@article{Micali00,
	author    = {Silvio Micali},
	title     = {Computationally Sound Proofs},
	journal   = {{SIAM} J. Computing},
	volume    = {30},
	number    = {4},
	pages     = {1253--1298},
	year      = {2000},
}

@inproceedings{GennaroGP013,
	author    = {Rosario Gennaro and
	Craig Gentry and
	Bryan Parno and
	Mariana Raykova},
	title     = {Quadratic Span Programs and Succinct {NIZK}s without {PCP}s},
	booktitle = {{Eurocrypt} 2013},
}

@inproceedings{Groth10,
	author    = {Jens Groth},
	title     = "Short Pairing-Based Non-interactive Zero-Knowledge Arguments",
	booktitle = {Asiacrypt 2010},
}

@inproceedings{zerocash,
	author    = {Eli Ben{-}Sasson and
	Alessandro Chiesa and
	Christina Garman and
	Matthew Green and
	Ian Miers and
	Eran Tromer and
	Madars Virza},
	title     = {Zerocash: Decentralized Anonymous Payments from Bitcoin},
	booktitle = {{IEEE} {S\&P} 2014},
}

@inproceedings{IshaiKO07,
	author    = {Yuval Ishai and
	Eyal Kushilevitz and
	Rafail Ostrovsky},
	title     = "Efficient Arguments without Short {PCPs}",
	booktitle = {CCC 2007},
}

@inproceedings{DBLP:conf/tcc/BitanskyCIPO13,
	author    = {Nir Bitansky and
	Alessandro Chiesa and
	Yuval Ishai and
	Rafail Ostrovsky and
	Omer Paneth},
	title     = "Succinct Non-interactive Arguments via Linear Interactive Proofs",
	booktitle = {{TCC} 2013},
}


@inproceedings{DBLP:conf/icalp/AielloBOR00,
	author    = {William Aiello and
	Sandeep N. Bhatt and
	Rafail Ostrovsky and
	Sivaramakrishnan Rajagopalan},
	title     = {Fast Verification of Any Remote Procedure Call: Short Witness-Indistinguishable
	One-Round Proofs for {NP}},
	booktitle = {{ICALP} 2000},
}

@inproceedings{DBLP:conf/eurocrypt/Groth16,
	author    = {Jens Groth},
	title     = "On the Size of Pairing-Based Non-interactive Arguments",
	booktitle = {{Eurocrypt} 2016},
}

@inproceedings{DBLP:conf/asiacrypt/DanezisFGK14,
	author    = {George Danezis and
	C{\'{e}}dric Fournet and
	Jens Groth and
	Markulf Kohlweiss},
	title     = "Square Span Programs with Applications to Succinct {NIZK} Arguments",
	booktitle = {Asiacrypt 2014},
}

@inproceedings{DBLP:conf/eurocrypt/ChiesaTV15,
	author    = {Alessandro Chiesa and
	Eran Tromer and
	Madars Virza},
	title     = "Cluster Computing in Zero Knowledge",
	booktitle = {{Eurocrypt} 2015},
}


@inproceedings{DBLP:conf/asiacrypt/Lipmaa13,
	author    = {Helger Lipmaa},
	title     = "Succinct Non-Interactive Zero Knowledge Arguments from Span Programs
	and Linear Error-Correcting Codes",
	booktitle = {Asiacrypt 2013},
}


@article{DBLP:journals/cacm/WalfishB15,
	author    = {Michael Walfish and
	Andrew J. Blumberg},
	title     = {Verifying computations without reexecuting them},
	journal   = {Comm. {ACM}},
	volume    = {58},
	number    = {2},
	pages     = {74--84},
	year      = {2015},
}

@inproceedings{Babai85,
	author    = {L{\'{a}}szl{\'{o}} Babai},
	title     = {Trading Group Theory for Randomness},
	booktitle = {Proceedings of the 17th Annual {ACM} Symposium on Theory of Computing,
	May 6-8, 1985, Providence, Rhode Island, {USA}},
	pages     = {421--429},
	year      = {1985},
}

@inproceedings{euro17,
	author    = {Eli Ben{-}Sasson and
	Iddo Bentov and
	Alessandro Chiesa and
	Ariel Gabizon and
	Daniel Genkin and
	Matan Hamilis and
	Evgenya Pergament and
	Michael Riabzev and
	Mark Silberstein and
	Eran Tromer and
	Madars Virza},
	title     = "Computational Integrity with a Public Random String from Quasi-Linear
	{PCPs}",
	booktitle = {{Eurocrypt} 2017},
}

@inproceedings{fiat1986prove,
	author    = {Amos Fiat and
	Adi Shamir},
	title     = "How to Prove Yourself: Practical Solutions to Identification and Signature
	Problems",
	booktitle = {{Crypto} 1986},
}

@inproceedings{DBLP:conf/innovations/Ben-SassonCGT13,
	author    = {Eli Ben{-}Sasson and
	Alessandro Chiesa and
	Daniel Genkin and
	Eran Tromer},
	title     = {Fast reductions from {RAM}s to delegatable succinct constraint satisfaction
	problems},
	booktitle = {{ITCS} 2013},
}

@inproceedings{DBLP:conf/stoc/BitanskyCCT13,
	author    = {Nir Bitansky and
	Ran Canetti and
	Alessandro Chiesa and
	Eran Tromer},
	title     = {Recursive composition and bootstrapping for {SNARK}s and proof-carrying
	data},
	booktitle = {STOC 2013},
}

@inproceedings{vsql,
	author    = {Yupeng Zhang and
	Daniel Genkin and
	Jonathan Katz and
	Dimitrios Papadopoulos and
	Charalampos Papamanthou},
	title     = "{vSQL}: Verifying arbitrary {SQL} queries over
Dynamic Outsourced Databases",
	booktitle = {{IEEE} {S\&P} 2017},
}

@inproceedings{AielloBOR00,
	author    = {William Aiello and
	Sandeep N. Bhatt and
	Rafail Ostrovsky and
	Sivaramakrishnan Rajagopalan},
	title     = {Fast Verification of Any Remote Procedure Call: Short Witness-Indistinguishable
	One-Round Proofs for {NP}},
	booktitle = {{ICALP} 2000},
}

@inproceedings{braun13,
	author    = {Benjamin Braun and
	Ariel J. Feldman and
	Zuocheng Ren and
	Srinath T. V. Setty and
	Andrew J. Blumberg and
	Michael Walfish},
	title     = {Verifying computations with state},
	booktitle = {{SIGOPS} 2013},
}

@article{DBLP:journals/iacr/WahbyJBSTWW17,
	author    = {Riad S. Wahby and
	Ye Ji and
	Andrew J. Blumberg and
	Abhi Shelat and
	Justin Thaler and
	Michael Walfish and
	Thomas Wies},
	title     = {Full accounting for verifiable outsourcing},
	journal   = {{IACR} Cryptology ePrint Archive},
	volume    = {2017},
	pages     = {242},
	year      = {2017},
}
@inproceedings{DBLP:conf/crypto/CramerD98,
	author    = {Ronald Cramer and
	Ivan Damg{\aa}rd},
	title     = {Zero-Knowledge Proofs for Finite Field Arithmetic; or: Can Zero-Knowledge
	be for Free?},
	booktitle = {Advances in Cryptology - {Crypto} '98, 18th Annual International Cryptology
	Conference, Santa Barbara, California, USA, August 23-27, 1998, Proceedings},
	pages     = {424--441},
	year      = {1998},
	crossref  = {DBLP:conf/crypto/1998},
	url       = {https://doi.org/10.1007/BFb0055745},
	doi       = {10.1007/BFb0055745},
	timestamp = {Tue, 23 May 2017 11:53:59 +0200},
	biburl    = {http://dblp.uni-trier.de/rec/bib/conf/crypto/CramerD98},
	bibsource = {dblp computer science bibliography, http://dblp.org}
}

@inproceedings{DBLP:conf/crypto/Pedersen91,
	author    = {Torben P. Pedersen},
	title     = {Non-Interactive and Information-Theoretic Secure Verifiable Secret
	Sharing},
	booktitle = {Advances in Cryptology - {Crypto} '91, 11th Annual International Cryptology
	Conference, Santa Barbara, California, USA, August 11-15, 1991, Proceedings},
	pages     = {129--140},
	year      = {1991},
	crossref  = {DBLP:conf/crypto/1991},
	url       = {https://doi.org/10.1007/3-540-46766-1_9},
	doi       = {10.1007/3-540-46766-1_9},
	timestamp = {Sat, 20 May 2017 15:32:52 +0200},
	biburl    = {http://dblp.uni-trier.de/rec/bib/conf/crypto/Pedersen91},
	bibsource = {dblp computer science bibliography, http://dblp.org}
}

@inproceedings{DBLP:conf/fosad/BootleCCG16,
	author    = {Jonathan Bootle and
	Andrea Cerulli and
	Pyrros Chaidos and
	Jens Groth},
	title     = {Efficient Zero-Knowledge Proof Systems},
	booktitle = {Foundations of Security Analysis and Design {VIII} - {FOSAD} 2014/2015/2016
	Tutorial Lectures},
	pages     = {1--31},
	year      = {2016},
	crossref  = {DBLP:conf/fosad/2016},
	url       = {https://doi.org/10.1007/978-3-319-43005-8_1},
	doi       = {10.1007/978-3-319-43005-8_1},
	timestamp = {Fri, 02 Jun 2017 20:49:06 +0200},
	biburl    = {http://dblp.uni-trier.de/rec/bib/conf/fosad/BootleCCG16},
	bibsource = {dblp computer science bibliography, http://dblp.org}
}

@article{DBLP:journals/joc/GarayMY06,
	author    = {Juan A. Garay and
	Philip D. MacKenzie and
	Ke Yang},
	title     = {Strengthening Zero-Knowledge Protocols Using Signatures},
	journal   = {J. Cryptology},
	volume    = {19},
	number    = {2},
	pages     = {169--209},
	year      = {2006},
	url       = {https://doi.org/10.1007/s00145-005-0307-3},
	doi       = {10.1007/s00145-005-0307-3},
	timestamp = {Thu, 18 May 2017 09:52:08 +0200},
	biburl    = {http://dblp.org/rec/bib/journals/joc/GarayMY06},
	bibsource = {dblp computer science bibliography, http://dblp.org}
}

@inproceedings{wahby2015efficient,
	title={Efficient {RAM} and control flow in verifiable outsourced computation.},
	author={Wahby, Riad S and Setty, Srinath TV and Ren, Zuocheng and Blumberg, Andrew J and Walfish, Michael},
	booktitle={NDSS},
	year={2015}
}

@misc{buffet,
	title = {Buffet},
	howpublished = { \url{https://github.com/pepper-project/releases}},
	year = {}
}

@inproceedings{extract,
	author    = {Nir Bitansky and
	Ran Canetti and
	Alessandro Chiesa and
	Eran Tromer},
	title     = {From extractable collision resistance to succinct non-interactive
	arguments of knowledge, and back again},
	booktitle = {Innovations in Theoretical Computer Science 2012, Cambridge, MA, USA,
	January 8-10, 2012},
	pages     = {326--349},
	year      = {2012},
	url       = {http://doi.acm.org/10.1145/2090236.2090263},
	doi       = {10.1145/2090236.2090263},
	timestamp = {Sat, 24 Mar 2012 15:58:31 +0100},
	biburl    = {http://dblp.uni-trier.de/rec/bib/conf/innovations/BitanskyCCT12},
	bibsource = {dblp computer science bibliography, http://dblp.org}
}

@inproceedings{DBLP:conf/crypto/Damgard91,
	author    = {Ivan Damg{\aa}rd},
	title     = {Towards Practical Public Key Systems Secure Against Chosen Ciphertext
	Attacks},
	booktitle = {Advances in Cryptology - {Crypto} '91, 11th Annual International Cryptology
	Conference, Santa Barbara, California, USA, August 11-15, 1991, Proceedings},
	pages     = {445--456},
	year      = {1991},
	crossref  = {DBLP:conf/crypto/1991},
	url       = {https://doi.org/10.1007/3-540-46766-1_36},
	doi       = {10.1007/3-540-46766-1_36},
	timestamp = {Sat, 20 May 2017 15:32:52 +0200},
	biburl    = {http://dblp.uni-trier.de/rec/bib/conf/crypto/Damgard91},
	bibsource = {dblp computer science bibliography, http://dblp.org}
}

@article{knuth1977fast,
	title={Fast pattern matching in strings},
	author={Knuth, Donald E and Morris, Jr, James H and Pratt, Vaughan R},
	journal={SIAM J. Computing},
	volume={6},
	number={2},
	pages={323--350},
	year={1977},
	publisher={SIAM}
}

@inproceedings{ghuloum1995flattening,
	author    = {Anwar M. Ghuloum and
	Allan L. Fisher},
	title     = {Flattening and Parallelizing Irregular, Recurrent Loop Nests},
	booktitle = {PPOPP 1995},
}


@inproceedings{Groth2016,
	author = {Groth, Jens},
	title = {On the Size of Pairing-Based Non-interactive Arguments},
	booktitle = {Eurocrypt 2016},
	pages = {305--326},
	year = {2016}
}

@misc{cryptoeprint:2017:305,
	author = {Alessandro Chiesa and Michael A. Forbes and Nicholas Spooner},
	title = {A Zero Knowledge Sumcheck and its Applications},
	howpublished = {Cryptology ePrint Archive, Report 2017/305},
	year = {2017},
	note = {\url{http://eprint.iacr.org/2017/305}},
}

@inproceedings{cryptoeprint:2017:242,
author    = {Riad S. Wahby and
Ye Ji and
Andrew J. Blumberg and
Abhi Shelat and
Justin Thaler and
Michael Walfish and
Thomas Wies},
title     = {Full Accounting for Verifiable Outsourcing},
booktitle = { {ACM} {CCS} 2017},
}

@misc{zkvsql,
	author = {Yupeng Zhang and Daniel Genkin and Jonathan Katz and Dimitrios Papadopoulos and Charalampos Papamanthou},
	title = {A Zero-Knowledge Version of vSQL},
	howpublished = {Cryptology ePrint Archive, Report 2017/1146},
	year = {2017},
	
}

@inproceedings{vasic,
	author    = {Riad S. Wahby and
	Max Howald and
	Siddharth Garg and
	Abhi Shelat and
	Michael Walfish},
	title     = {Verifiable ASICs},
	booktitle = {{IEEE} {SP} 2016},
	year      = {2016},
}